% Use this file for citations not found in the ACL Anthology (contained in "anthology.bib").
@inproceedings{Arnold2013EI,
  title={“ EMPATHIC INTELLIGENCE : THE PHENOMENON OF INTERSUBJECTIVE ENGAGEMENT ”},
  author={Professor Roslyn Arnold},
  year={2013}
}